@article{blinder1973wage,
  title={Wage discrimination: reduced form and structural estimates},
  author={Blinder, Alan S},
  journal={Journal of Human resources},
  volume = {8},
  number = {4},
  pages={436--455}
}

@article{caswell1989analysis,
  title={Analysis of life table response experiments I. Decomposition of effects on population growth rate},
  author={Caswell, Hal},
  journal={Ecological Modelling},
  volume={46},
  number={3-4},
  pages={221--237},
  year={1989},
  publisher={Elsevier}
}

@Article{Dudel2017,
  Title                    = {Working Life Expectancy at Age 50 in the United States and the Impact of the Great Recession},
  Author                   = {Dudel, Christian and Myrskyl{\"a}, Mikko},
  Journal                  = {Demography},
  Year                     = {2017},
  Month                    = {Oct},
  Day                      = {10},
  Doi                      = {10.1007/s13524-017-0619-6},
  ISSN                     = {1533-7790},
  Url                      = {https://doi.org/10.1007/s13524-017-0619-6}
}

@Article{horiuchi2008,
  Title                    = {A decomposition method based on a model of continuous change},
  Author                   = {Horiuchi, Shiro and Wilmoth, John R and Pletcher, Scott D},
  Journal                  = {Demography},
  Year                     = {2008},
  Number                   = {4},
  Pages                    = {785--801},
  Volume                   = {45},

  Publisher                = {Springer}
}

@article{oaxaca1973male,
  title={Male-female wage differentials in urban labor markets},
  author={Oaxaca, Ronald},
  journal={International economic review},
  volume = {14},
  number = {3},
  pages={693--709},
  year={1973}
}